@misc{ geohash,
   author = "Wikipedia",
   title = "GeoHash --- {W}ikipedia{,} The Free Encyclopedia",
   year = "2015",
   url = "\url{http://en.wikipedia.org/wiki/Geohash}",
   note = "[Online; accessed 2-June-2015]"
 }
@misc{statista,
   author = "Statista",
   title = "Number of monthly active Twitter users worldwide from 1st quarter 2010 to 1st quarter 2015 (in millions)",
   year = "2015",
   url = "\url{http://www.statista.com/statistics/282087/number-of-monthly-active-twitter-users/}",
   note = "[Online; accessed 3-June-2015]"
 }

 @misc{rios,
   author = "RÃ­os, Miguel",
   title = "The geography of Tweets",
   year = "2014",
   url = "\url{https://blog.twitter.com/2013/the-geography-of-tweets/}",
   note = "[Online; accessed 7-June-2015]"
 }

@misc{dawson,
   author = "Dawson, R.",
   title = "Which countries have the most Twitter users per capita?",
   year = "2012",
   url = "\url{http://rossdawsonblog.com/weblog/archives/2012/02/which- countries-have-the-most-twitter-users-per-capita.html}",
   note = "[Online; accessed 3-June-2015]"
 }

@book{newcom,
  title={Nationale Social Media Onderzoek 2015},
  author={Turpijn,Loes and Kneefel, Samantha and van der Veer, Neil},
  year={2013},
  publisher={Newcom Research and Consultancy B.V.}
}


@inproceedings{sakaki2010earthquake,
  title={Earthquake shakes Twitter users: real-time event detection by social sensors},
  author={Sakaki, Takeshi and Okazaki, Makoto and Matsuo, Yutaka},
  booktitle={Proceedings of the 19th international conference on World wide web},
  pages={851--860},
  year={2010},
  organization={ACM}
}


@book{han2006data,
  title={Data mining, southeast asia edition: Concepts and techniques},
  author={Han, Jiawei and Kamber, Micheline and Pei, Jian},
  year={2006},
  publisher={Morgan kaufmann}
}

@article{birant2007st,
  title={ST-DBSCAN: An algorithm for clustering spatial--temporal data},
  author={Birant, Derya and Kut, Alp},
  journal={Data \& Knowledge Engineering},
  volume={60},
  number={1},
  pages={208--221},
  year={2007},
  publisher={Elsevier}
}

@book{manning2008introduction,
  title={Introduction to information retrieval},
  author={Manning, Christopher D and Raghavan, Prabhakar and Sch{\"u}tze, Hinrich},
  volume={1},
  pages={1--237},
  year={2008},
  publisher={Cambridge university press Cambridge}
}

@incollection{walther2013geo,
  title={Geo-spatial event detection in the twitter stream},
  author={Walther, Maximilian and Kaisser, Michael},
  booktitle={Advances in Information Retrieval},
  pages={356--367},
  year={2013},
  publisher={Springer}
}

@inproceedings{ner2011,
  title={Named Entity Recognition in Tweets: An Experimental Study},
  author={Alan Ritter, Sam Clark, Mausam and Oren Etzioni},
  booktitle={Proceedings of the 2011 Conference on Empirical Methods in Natural Language Processing},
  pages={1524-1534},
  year={2011},
  organization={Computer Science and Engineering, University of Washington}
}
@inproceedings{liu2011ner,
  title={Recognizing named entities in tweets},
  author={Liu, X. and Zhang, S. and Wei, F. and Zhou, M.},
  booktitle={In Proceedings of the 49th Annual Meeting of the Association for Computational Linguistics: Human Language Technologies-Volume 1},
  pages={359-367},
  year={2011},
  organization={Computer Science and Engineering, University of Washington}
}

@article{ashwini2014targetable,
  title={Targetable Named Entity Recognition in Social Media},
  author={Ashwini, Sandeep and Choi, Jinho D},
  journal={arXiv preprint arXiv:1408.0782},
  year={2014}
}

@article{allan1998topic,
  title={Topic detection and tracking pilot study final report},
  author={Allan, James and Carbonell, Jaime G and Doddington, George and Yamron, Jonathan and Yang, Yiming},
  year={1998}
}