%% This BibTeX bibliography file was created using BibDesk.
%% http://bibdesk.sourceforge.net/


%% Created for Chris Pool at 2015-05-12 10:52:22 +0200 


%% Saved with string encoding Unicode (UTF-8) 



@article{geo,
	Author = {Maximilian Walther and Michael Kaisser},
	Date-Added = {2015-05-12 08:43:23 +0000},
	Date-Modified = {2015-05-12 08:49:34 +0000},
	Journal = {Springer-Verlag Berlin Heidelberg 2013},
	Read = {1},
	Title = {Geo-spatial Event Detection in the Twitter Stream},
	Year = {2013},
	Bdsk-File-1 = {YnBsaXN0MDDUAQIDBAUGJCVYJHZlcnNpb25YJG9iamVjdHNZJGFyY2hpdmVyVCR0b3ASAAGGoKgHCBMUFRYaIVUkbnVsbNMJCgsMDxJXTlMua2V5c1pOUy5vYmplY3RzViRjbGFzc6INDoACgAOiEBGABIAFgAdccmVsYXRpdmVQYXRoWWFsaWFzRGF0YV8QPHBhcGVycy9HZW8tc3BhdGlhbCBFdmVudCBEZXRlY3Rpb24gaW4gdGhlIFR3aXR0ZXIgU3RyZWFtLnBkZtIXCxgZV05TLmRhdGFPEQJ0AAAAAAJ0AAIAAAxNYWNpbnRvc2ggSEQAAAAAAAAAAAAAAAAAAADOdgCgSCsAAAGb0ngfR2VvLXNwYXRpYWwgRXZlbnQgRCMxOUJEMjdCLnBkZgAAAAAAAAAAAAAAAAAAAAAAAAAAAAAAAAAAAAAAAAAAAZvSe9F3imcAAAAAAAAAAAABAAMAAAkgAAAAAAAAAAAAAAAAAAAABnBhcGVycwAQAAgAAM515IAAAAARAAgAANF3bkcAAAABABwBm9J4AZvHewF3GlcBQk/5AAbqtQAG6rQAAmSRAAIAek1hY2ludG9zaCBIRDpVc2VyczoAY2hyaXNwb29sOgBEb2N1bWVudHM6AGdpdDoAZXZlbnREZXRlY3RvcjoAc2NyaXB0aWUgQ2hyaXMgUG9vbDoAcGFwZXJzOgBHZW8tc3BhdGlhbCBFdmVudCBEIzE5QkQyN0IucGRmAA4AbAA1AEcAZQBvAC0AcwBwAGEAdABpAGEAbAAgAEUAdgBlAG4AdAAgAEQAZQB0AGUAYwB0AGkAbwBuACAAaQBuACAAdABoAGUAIABUAHcAaQB0AHQAZQByACAAUwB0AHIAZQBhAG0ALgBwAGQAZgAPABoADABNAGEAYwBpAG4AdABvAHMAaAAgAEgARAASAHxVc2Vycy9jaHJpc3Bvb2wvRG9jdW1lbnRzL2dpdC9ldmVudERldGVjdG9yL3NjcmlwdGllIENocmlzIFBvb2wvcGFwZXJzL0dlby1zcGF0aWFsIEV2ZW50IERldGVjdGlvbiBpbiB0aGUgVHdpdHRlciBTdHJlYW0ucGRmABMAAS8AABUAAgAQ//8AAIAG0hscHR5aJGNsYXNzbmFtZVgkY2xhc3Nlc11OU011dGFibGVEYXRhox0fIFZOU0RhdGFYTlNPYmplY3TSGxwiI1xOU0RpY3Rpb25hcnmiIiBfEA9OU0tleWVkQXJjaGl2ZXLRJidUcm9vdIABAAgAEQAaACMALQAyADcAQABGAE0AVQBgAGcAagBsAG4AcQBzAHUAdwCEAI4AzQDSANoDUgNUA1kDZANtA3sDfwOGA48DlAOhA6QDtgO5A74AAAAAAAACAQAAAAAAAAAoAAAAAAAAAAAAAAAAAAADwA==}}
