@article{atefeh2013survey,
  title={A survey of techniques for event detection in Twitter},
  author={Atefeh, Farzindar and Khreich, Wael},
  journal={Computational Intelligence},
  year={2013},
  publisher={Wiley Online Library}
}

@inproceedings{yang1998study,
  title={A study of retrospective and on-line event detection},
  author={Yang, Yiming and Pierce, Tom and Carbonell, Jaime},
  booktitle={Proceedings of the 21st annual international ACM SIGIR conference on Research and development in information retrieval},
  pages={28--36},
  year={1998},
  organization={ACM}
}

@incollection{allan2002introduction,
  title={Introduction to topic detection and tracking},
  author={Allan, James},
  booktitle={Topic detection and tracking},
  pages={1--2},
  year={2002},
  publisher={Springer}
}

@inproceedings{sakaki2010earthquake,
  title={Earthquake shakes Twitter users: real-time event detection by social sensors},
  author={Sakaki, Takeshi and Okazaki, Makoto and Matsuo, Yutaka},
  booktitle={Proceedings of the 19th international conference on World wide web},
  pages={851--860},
  year={2010},
  organization={ACM}
}

@inproceedings{benson2011event,
  title={Event discovery in social media feeds},
  author={Benson, Edward and Haghighi, Aria and Barzilay, Regina},
  booktitle={Proceedings of the 49th Annual Meeting of the Association for Computational Linguistics: Human Language Technologies-Volume 1},
  pages={389--398},
  year={2011},
  organization={Association for Computational Linguistics}
}

@inproceedings{lee2010measuring,
  title={Measuring geographical regularities of crowd behaviors for Twitter-based geo-social event detection},
  author={Lee, Ryong and Sumiya, Kazutoshi},
  booktitle={Proceedings of the 2nd ACM SIGSPATIAL international workshop on location based social networks},
  pages={1--10},
  year={2010},
  organization={ACM}
}

@inproceedings{sankaranarayanan2009twitterstand,
  title={Twitterstand: news in tweets},
  author={Sankaranarayanan, Jagan and Samet, Hanan and Teitler, Benjamin E and Lieberman, Michael D and Sperling, Jon},
  booktitle={Proceedings of the 17th acm sigspatial international conference on advances in geographic information systems},
  pages={42--51},
  year={2009},
  organization={ACM}
}

@incollection{walther2013geo,
  title={Geo-spatial event detection in the twitter stream},
  author={Walther, Maximilian and Kaisser, Michael},
  booktitle={Advances in Information Retrieval},
  pages={356--367},
  year={2013},
  publisher={Springer}
}

@article{becker2011beyond,
  title={Beyond Trending Topics: Real-World Event Identification on Twitter.},
  author={Becker, Hila and Naaman, Mor and Gravano, Luis},
  journal={ICWSM},
  volume={11},
  pages={438--441},
  year={2011}
}

@MISC{kobielus2014,
   author = {Kobielus, J.},
   title = {The Ground Truth in Agile Machine Learning.},
   year = {2014},
   url = {http://ibmdatamag.com/2014/06/the-ground-truth-in-agile-machine-learning/}
}
 
@book{manning2008introduction,
  title={Introduction to information retrieval},
  author={Manning, Christopher D and Raghavan, Prabhakar and Sch{\"u}tze, Hinrich},
  volume={1},
  pages={1--237},
  year={2008},
  publisher={Cambridge university press Cambridge}
}

@inproceedings{abel2012twitcident,
  title={Twitcident: fighting fire with information from social web streams},
  author={Abel, Fabian and Hauff, Claudia and Houben, Geert-Jan and Stronkman, Richard and Tao, Ke},
  booktitle={Proceedings of the 21st international conference companion on World Wide Web},
  pages={305--308},
  year={2012},
  organization={ACM}
}
